<?xml version="1.0" encoding="UTF-8"?><record xmlns="http://www.loc.gov/MARC21/slim" xmlns:cinclude="http://apache.org/cocoon/include/1.0" xmlns:zs="http://www.loc.gov/zing/srw/">
  <leader>00599cz  a2200145n  4500</leader>
  <controlfield tag="001">n  88046413 </controlfield>
  <controlfield tag="003">DLC</controlfield>
  <controlfield tag="005">19940201185742.3</controlfield>
  <controlfield tag="008">880829n| acannaab|          |n aaa ||| b</controlfield>
  <datafield tag="010" ind1=" " ind2=" ">
    <subfield code="a">n  88046413 </subfield>
  </datafield>
  <datafield tag="040" ind1=" " ind2=" ">
    <subfield code="a">DNLM</subfield>
    <subfield code="c">DLC</subfield>
    <subfield code="d">DLC</subfield>
    <subfield code="d">DNLM</subfield>
  </datafield>
  <datafield tag="100" ind1="1" ind2="0">
    <subfield code="a">Aron, Bernard S.</subfield>
  </datafield>
  <datafield tag="400" ind1="1" ind2="0">
    <subfield code="a">Aron, B. S.</subfield>
    <subfield code="q">(Bernard S.)</subfield>
  </datafield>
  <datafield tag="670" ind1=" " ind2=" ">
    <subfield code="a">Pediatric malignancies [SL] 1985:</subfield>
    <subfield code="b">accom. text. mat. (Bernard S. Aron, M.D., FACR, dir., Div. of Radiation/Oncology, Amer. Cancer Soc. Prof.; prof. of oncol., Univ. of Cincinnati)</subfield>
  </datafield>
  <datafield tag="670" ind1=" " ind2=" ">
    <subfield code="a">Practical approaches to cancer invasion ... 1994:</subfield>
    <subfield code="b">CIP t.p. (B.S. Aron) galley (Bernard S. Aron)</subfield>
  </datafield>
</record>